@book{cengel2011thermodynamics,
  title={Thermodynamics: an engineering approach},
  author={Cengel, Yunus A and Boles, Michael A and Kano{\u{g}}lu, Mehmet},
  volume={5},
  year={2011},
  publisher={McGraw-hill New York}
}


@misc{wiki:Gas_constant,
   author = "Wikipedia",
   title = "{Gas constant} --- {W}ikipedia{,} The Free Encyclopedia",
   year = "2023",
   howpublished = {\url{http://en.wikipedia.org/w/index.php?title=Gas\%20constant&oldid=1142456149}},
   note = "[Online; accessed 10-March-2023]"
 }


 @misc{wiki:Brake-specific_fuel_consumption,
   author = "Wikipedia",
   title = "{Brake-specific fuel consumption} --- {W}ikipedia{,} The Free Encyclopedia",
   year = "2023",
   howpublished = {\url{http://en.wikipedia.org/w/index.php?title=Brake-specific\%20fuel\%20consumption&oldid=1128550062}},
   note = "[Online; accessed 10-March-2023]"
 }

@misc{libretexts1503Solution,
	author = {Libre Texts},
	title = {15.03: {S}olution {C}oncentration - {M}olality, {M}ass {P}ercent, ppm and ppb --- chem.libretexts.org},
	howpublished = {\url{https://chem.libretexts.org/Courses/Los_Angeles_Trade_Technical_College/Chem_51/15\%3A_Solutions/15.03\%3A_Solution_Concentration_-_Molality_Mass_Percent_ppm_and_ppb}},
	year = {},
	note = {[Accessed 12-Mar-2023]},
}